@inproceedings{alonso2016noisy,
  title={From Noisy Questions to Minecraft Texts: Annotation Challenges in Extreme Syntax Scenario},
  author={Alonso, H{\'e}ctor Mart{\'\i}nez and Seddah, Djam{\'e} and Sagot, Beno{\^\i}t},
  booktitle={Proceedings of the 2nd Workshop on Noisy User-generated Text (WNUT)},
  pages={13--23},
  year={2016},
  howpublished = "\url{http://aclweb.org/anthology/W16-3905}"
}

@misc{nivre2017universal,
  title={Universal Dependencies 2.0. LINDAT/CLARIN digital library at the Institute of Formal and Applied Linguistics, Charles University, Prague},
  author={Nivre, Joakim and Agi{\'c}, {\v{Z}}eljko and Ahrenberg, Lars and others},
  year={2017},
  howpublished = "\url{http://hdl.handle.net/11234/1-2515}"
}

@article{schnabel2014flors,
  title={Flors: Fast and simple domain adaptation for part-of-speech tagging},
  author={Schnabel, Tobias and Sch{\"u}tze, Hinrich},
  journal={Transactions of the Association for Computational Linguistics},
  volume={2},
  pages={15--26},
  year={2014},
  publisher={MIT Press},
  howpublished = "\url{http://aclweb.org/anthology/Q14-1002}"
}

@inproceedings{charniak1993equations,
  title={Equations for part-of-speech tagging},
  author={Charniak, Eugene and Hendrickson, Curtis and Jacobson, Neil and Perkowitz, Mike},
  booktitle={AAAI},
  volume={11},
  pages={784--789},
  year={1993}
}

@inproceedings{schmid1994probabilistic,
  title={Probabilistic Part-of-Speech Tagging Using Decision Trees, Intl},
  author={Schmid, Helmut},
  booktitle={Conference on New Methods in Language Processing. Manchester, UK},
  year={1994}
}
